@article{convexjl,
 title = {Convex Optimization in {J}ulia},
 author = {Udell, Madeleine and Mohan, Karanveer and Zeng, David and Hong, Jenny and Diamond, Steven and Boyd, Stephen},
 year = {2014},
 journal = {SC14 Workshop on High Performance Technical Computing in Dynamic Languages},
 archivePrefix = "arXiv",
 eprint = {1410.4821},
 primaryClass = "math-oc",
}

@article{Lubin2023,
	author = {Miles Lubin and Oscar Dowson and Joaquim Dias Garcia and Joey Huchette and Beno{\^i}t Legat and Juan Pablo Vielma},
	title = {JuMP 1.0: Recent improvements to a modeling language for mathematical optimization},
	journal = {Mathematical Programming Computation},
	year = {2023},
	doi = {10.1007/s12532-023-00239-3}
}

@inproceedings{pysmt2015,
	title={PySMT: a solver-agnostic library for fast prototyping of SMT-based algorithms},
	author={Gario, Marco and Micheli, Andrea},
	booktitle={SMT Workshop 2015},
	year={2015}
}

@inproceedings{z3,
	title={Z3: An Efficient SMT Solver},
	author={Leonardo Mendon√ßa de Moura and Nikolaj S. Bj{\o}rner},
	booktitle={International Conference on Tools and Algorithms for Construction and Analysis of Systems},
	year={2008}
}

@inproceedings{cvc5,
	author    = {Haniel Barbosa and
	Clark W. Barrett and
	Martin Brain and
	Gereon Kremer and
	Hanna Lachnitt and
	Makai Mann and
	Abdalrhman Mohamed and
	Mudathir Mohamed and
	Aina Niemetz and
	Andres N{\"{o}}tzli and
	Alex Ozdemir and
	Mathias Preiner and
	Andrew Reynolds and
	Ying Sheng and
	Cesare Tinelli and
	Yoni Zohar},
	editor    = {Dana Fisman and
	Grigore Rosu},
	title     = {cvc5: {A} Versatile and Industrial-Strength {SMT} Solver},
	booktitle = {Tools and Algorithms for the Construction and Analysis of Systems
	- 28th International Conference, {TACAS} 2022, Held as Part of the
	European Joint Conferences on Theory and Practice of Software, {ETAPS}
	2022, Munich, Germany, April 2-7, 2022, Proceedings, Part {I}},
	series    = {Lecture Notes in Computer Science},
	volume    = {13243},
	pages     = {415--442},
	publisher = {Springer},
	year      = {2022},
	url       = {https://doi.org/10.1007/978-3-030-99524-9\_24},
	doi       = {10.1007/978-3-030-99524-9\_24},
	timestamp = {Fri, 01 Apr 2022 15:49:27 +0200},
	biburl    = {https://dblp.org/rec/conf/tacas/BarbosaBBKLMMMN22.bib},
	bibsource = {dblp computer science bibliography, https://dblp.org},
}

@TECHREPORT{smtlib2,
	author =	 {Clark Barrett and Pascal Fontaine and Cesare Tinelli},
	title =	 {{The SMT-LIB Standard: Version 2.6}},
	institution =	 {Department of Computer Science, The University of Iowa},
	year =	 2017,
	note =	 {Available at {\tt www.SMT-LIB.org}}
}

